<record><leader>00000cas a2200000 a 4500</leader><controlfield tag="001">1757661</controlfield><controlfield tag="008">751101d19401956mnuwr ne      0   b0nor c</controlfield><datafield ind1=" " ind2=" " tag="010"><subfield code="a">sn 83025223 </subfield></datafield><datafield ind1=" " ind2=" " tag="040"><subfield code="a">MUL</subfield><subfield code="b">eng</subfield><subfield code="c">MUL</subfield><subfield code="d">NPV</subfield><subfield code="d">DLC</subfield><subfield code="d">INP</subfield><subfield code="d">MN#</subfield><subfield code="d">OCLCQ</subfield><subfield code="d">DLC</subfield><subfield code="d">OCLCQ</subfield><subfield code="d">OCLCF</subfield><subfield code="d">OCLCO</subfield></datafield><datafield ind1="1" ind2=" " tag="029"><subfield code="a">AU@</subfield><subfield code="b">000025809945</subfield></datafield><datafield ind1="0" ind2=" " tag="041"><subfield code="a">noreng</subfield></datafield><datafield ind1=" " ind2=" " tag="042"><subfield code="a">pcc</subfield></datafield><datafield ind1=" " ind2=" " tag="043"><subfield code="a">n-us-mn</subfield></datafield><datafield ind1=" " ind2=" " tag="045"><subfield code="a">x4x5</subfield></datafield><datafield ind1="0" ind2="0" tag="050"><subfield code="a">Newspaper</subfield></datafield><datafield ind1=" " ind2=" " tag="052"><subfield code="a">4144</subfield><subfield code="b">M5</subfield></datafield><datafield ind1="0" ind2="0" tag="245"><subfield code="a">Minneapolis posten.</subfield></datafield><datafield ind1=" " ind2=" " tag="260"><subfield code="a">Minneapolis, Minn. :</subfield><subfield code="b">Norwegian National League of Minneapolis, Minn.,</subfield><subfield code="c">1940-1956.</subfield></datafield><datafield ind1=" " ind2=" " tag="300"><subfield code="a">16 v. :</subfield><subfield code="b">ill.</subfield></datafield><datafield ind1=" " ind2=" " tag="310"><subfield code="a">Weekly</subfield></datafield><datafield ind1="0" ind2=" " tag="362"><subfield code="a">Vol. 1, no. 1 (6 des. 1940)-v. 16, no. 44 (1 nov. 1956).</subfield></datafield><datafield ind1=" " ind2=" " tag="500"><subfield code="a">Editor: 1940-Sept. 1, 1950, P.A. Hovland; Sept. 8, 1950-1956, Jenny Alvilde Johnson.</subfield></datafield><datafield ind1=" " ind2=" " tag="521"><subfield code="a">"The only local Norwegian language paper."</subfield></datafield><datafield ind1=" " ind2=" " tag="530"><subfield code="a">Available on microfilm from the Minnesota Historical Society, and the Library of Congress Photoduplication Service.</subfield></datafield><datafield ind1=" " ind2=" " tag="546"><subfield code="a">Norwegian and English.</subfield></datafield><datafield ind1=" " ind2="0" tag="650"><subfield code="a">Norwegians</subfield><subfield code="z">Minnesota</subfield><subfield code="v">Newspapers.</subfield></datafield><datafield ind1=" " ind2="0" tag="651"><subfield code="a">Minneapolis (Minn.)</subfield><subfield code="v">Newspapers.</subfield></datafield><datafield ind1=" " ind2="7" tag="655"><subfield code="a">Newspapers.</subfield><subfield code="2">fast</subfield><subfield code="0">(OCoLC)fst01423814</subfield></datafield><datafield ind1=" " ind2="7" tag="650"><subfield code="a">Norwegians.</subfield><subfield code="2">fast</subfield><subfield code="0">(OCoLC)fst01039481</subfield></datafield><datafield ind1=" " ind2="7" tag="651"><subfield code="a">Minnesota.</subfield><subfield code="2">fast</subfield><subfield code="0">(OCoLC)fst01204560</subfield></datafield><datafield ind1=" " ind2="7" tag="651"><subfield code="a">Minnesota</subfield><subfield code="z">Minneapolis.</subfield><subfield code="2">fast</subfield><subfield code="0">(OCoLC)fst01204260</subfield></datafield><datafield ind1="1" ind2=" " tag="700"><subfield code="a">Hovland, P. A.</subfield></datafield><datafield ind1="1" ind2=" " tag="700"><subfield code="a">Johnson, Jenny Alvilde.</subfield></datafield><datafield ind1="2" ind2=" " tag="710"><subfield code="a">Norwegian National League (U.S.)</subfield></datafield><datafield ind1=" " ind2=" " tag="752"><subfield code="a">United States</subfield><subfield code="b">Minnesota</subfield><subfield code="c">Hennepin</subfield><subfield code="d">Minneapolis.</subfield></datafield><datafield ind1="0" ind2="4" tag="785"><subfield code="t">Decorah-posten og ved arnen</subfield><subfield code="w">(DLC)sn 83045473</subfield></datafield><datafield ind1="0" ind2="0" tag="785"><subfield code="t">Minnesota posten (Minneapolis, Minn.)</subfield><subfield code="w">(DLC)sn 89074987</subfield></datafield></record>